<record><leader>01099cam a2200313 i 45 0</leader><controlfield tag="001">6765542</controlfield><controlfield tag="005">20141113123409.0</controlfield><controlfield tag="008">141113s2015    nyu      b    000 0 eng  </controlfield><datafield ind1=" " ind2=" " tag="010"><subfield code="a">  2014044508</subfield></datafield><datafield ind1=" " ind2=" " tag="020"><subfield code="a">9781590564837 (pbk. : alk. paper)</subfield></datafield><datafield ind1=" " ind2=" " tag="020"><subfield code="z">9781590564844 (ebook)</subfield></datafield><datafield ind1=" " ind2=" " tag="040"><subfield code="a">DLC</subfield><subfield code="b">eng</subfield><subfield code="e">rda</subfield><subfield code="c">DLC</subfield><subfield code="d">AOAC</subfield></datafield><datafield ind1=" " ind2=" " tag="042"><subfield code="a">pcc</subfield></datafield><datafield ind1="0" ind2="0" tag="050"><subfield code="a">HV4708</subfield><subfield code="b">.P544 2015</subfield></datafield><datafield ind1="0" ind2="0" tag="082"><subfield code="a">179/.3</subfield><subfield code="2">23</subfield></datafield><datafield ind1=" " ind2=" " tag="090"><subfield code="a">HV 4708 P54 2015</subfield><subfield code="b">AOAC</subfield></datafield><datafield ind1="1" ind2=" " tag="100"><subfield code="a">Phelps, Norm.</subfield></datafield><datafield ind1="1" ind2="0" tag="245"><subfield code="a">Changing the game :</subfield><subfield code="b">animal liberation in the twenty-first century /</subfield><subfield code="c">Norm Phelps.</subfield></datafield><datafield ind1=" " ind2=" " tag="250"><subfield code="a">Fully rev. and updated [edition].</subfield></datafield><datafield ind1=" " ind2="1" tag="264"><subfield code="a">New York :</subfield><subfield code="b">Lantern Books, A Division of Booklight, Inc.,</subfield><subfield code="c">2015.</subfield></datafield><datafield ind1=" " ind2=" " tag="300"><subfield code="a">[5] unnumbered pages, 289 pages ;</subfield><subfield code="c">22 cm.</subfield></datafield><datafield ind1=" " ind2=" " tag="336"><subfield code="a">text</subfield><subfield code="2">rdacontent</subfield></datafield><datafield ind1=" " ind2=" " tag="337"><subfield code="a">unmediated</subfield><subfield code="2">rdamedia</subfield></datafield><datafield ind1=" " ind2=" " tag="338"><subfield code="a">volume</subfield><subfield code="2">rdacarrier</subfield></datafield><datafield ind1=" " ind2=" " tag="504"><subfield code="a">Includes bibliographical references (p. [257]-269).</subfield></datafield><datafield ind1=" " ind2="0" tag="650"><subfield code="a">Animal rights.</subfield></datafield><datafield ind1=" " ind2="0" tag="650"><subfield code="a">Animal welfare.</subfield></datafield><datafield ind1=" " ind2=" " tag="596"><subfield code="a">33</subfield></datafield><datafield ind1=" " ind2=" " tag="926"><subfield code="a">HV 4708 P54 2015</subfield><subfield code="w">LC</subfield><subfield code="c">1</subfield><subfield code="i">0164000772040</subfield><subfield code="d">9/22/2015</subfield><subfield code="e">8/31/2015</subfield><subfield code="l">ON_SHELF</subfield><subfield code="m">OLDS</subfield><subfield code="n">3</subfield><subfield code="r">Y</subfield><subfield code="s">Y</subfield><subfield code="t">BOOK</subfield><subfield code="u">1/12/2015</subfield></datafield></record>